
@inbook{degroot2012probability,
  title={Probability and Statistics, 4th ed.},
  author={DeGroot, M.H. and Schervish, M.J.},
  isbn={9780321500465},
  pages={495-505},
  lccn={2010001486},
  url={https://books.google.com.br/books?id=4TlEPgAACAAJ},
  year={2012},
  publisher={Addison-Wesley}
}

@misc{wiki:Fubini's_theorem,
	author = "Wikipedia",
	title = "{Fubini's theorem} --- {W}ikipedia{,} The Free Encyclopedia",
	year = "2020",
	howpublished = {\url{http://en.wikipedia.org/w/index.php?title=Fubini's\%20theorem&oldid=975839217}},
}
@misc{wiki:Normal-gamma_distribution,
	author = "Wikipedia",
	title = "{Normal-gamma distribution, Interpretation of parameters} --- {W}ikipedia{,} The Free Encyclopedia",
	year = "2020",
	howpublished = {\url{https://en.wikipedia.org/wiki/Normal-gamma_distribution?oldformat=true#Interpretation_of_parameters}},
}
@misc{wiki:Student-distribution,
	author = "Wikipedia",
	title = "{Student's t-distribution} --- {W}ikipedia{,} The Free Encyclopedia",
	year = "2020",
	howpublished = {\url{http://en.wikipedia.org/w/index.php?title=Student's\%20t-distribution&oldid=981752965}},
}