@inbook{CaseBerg_ex,
  abstract = {{This book builds theoretical statistics from the first
		  principles of probability theory. Starting from the basics
		  of probability, the authors develop the theory of
		  statistical inference using techniques, definitions, and
		  concepts that are statistical and are natural extensions
		  and consequences of previous concepts. Intended for
		  first-year graduate students, this book can be used for
		  students majoring in statistics who have a solid
		  mathematics background. It can also be used in a way that
		  stresses the more practical uses of statistical theory,
		  being more concerned with understanding basic statistical
		  concepts and deriving reasonable statistical procedures for
		  a variety of situations, and less concerned with formal
		  optimality investigations.}},
  added-at = {2009-10-28T04:42:52.000+0100},
  author = {Casella, George and Berger, Roger},
  biburl = {https://www.bibsonomy.org/bibtex/21597678f36e23439610affbf46adec1c/jwbowers},
  citeulike-article-id = {105644},
  date-added = {2007-09-03 22:45:16 -0500},
  date-modified = {2007-09-03 22:45:16 -0500},
  howpublished = {{Textbook Binding}},
  interhash = {2dd8caad6c0b6fb80e6334986a231a05},
  intrahash = {1597678f36e23439610affbf46adec1c},
  isbn = {0534243126},
  keywords = {methodology probability statistics},
  month = {June},
  pages = {361},
  opturl = {http://www.amazon.fr/exec/obidos/ASIN/0534243126/citeulike04-21},
  publisher = {{Duxbury Resource Center}},
  timestamp = {2009-10-28T04:42:57.000+0100},
  title = {Statistical Inference},
  year = 2001
}
@inbook{CaseBerg_jens,
  abstract = {{This book builds theoretical statistics from the first
		  principles of probability theory. Starting from the basics
		  of probability, the authors develop the theory of
		  statistical inference using techniques, definitions, and
		  concepts that are statistical and are natural extensions
		  and consequences of previous concepts. Intended for
		  first-year graduate students, this book can be used for
		  students majoring in statistics who have a solid
		  mathematics background. It can also be used in a way that
		  stresses the more practical uses of statistical theory,
		  being more concerned with understanding basic statistical
		  concepts and deriving reasonable statistical procedures for
		  a variety of situations, and less concerned with formal
		  optimality investigations.}},
  added-at = {2009-10-28T04:42:52.000+0100},
  author = {Casella, George and Berger, Roger},
  biburl = {https://www.bibsonomy.org/bibtex/21597678f36e23439610affbf46adec1c/jwbowers},
  citeulike-article-id = {105644},
  date-added = {2007-09-03 22:45:16 -0500},
  date-modified = {2007-09-03 22:45:16 -0500},
  howpublished = {{Textbook Binding}},
  interhash = {2dd8caad6c0b6fb80e6334986a231a05},
  intrahash = {1597678f36e23439610affbf46adec1c},
  isbn = {0534243126},
  keywords = {methodology probability statistics},
  month = {June},
  pages = {190},
  opturl = {http://www.amazon.fr/exec/obidos/ASIN/0534243126/citeulike04-21},
  publisher = {{Duxbury Resource Center}},
  timestamp = {2009-10-28T04:42:57.000+0100},
  title = {Statistical Inference},
  year = 2001
}
@inbook{degroot2012probability,
  title={Probability and Statistics, 4th ed.},
  author={DeGroot, M.H. and Schervish, M.J.},
  isbn={9780321500465},
  pages={434-439},
  lccn={2010001486},
  url={https://books.google.com.br/books?id=4TlEPgAACAAJ},
  year={2012},
  publisher={Addison-Wesley}
}

@inbook{CaseBerg:01,
  abstract = {{This book builds theoretical statistics from the first
		  principles of probability theory. Starting from the basics
		  of probability, the authors develop the theory of
		  statistical inference using techniques, definitions, and
		  concepts that are statistical and are natural extensions
		  and consequences of previous concepts. Intended for
		  first-year graduate students, this book can be used for
		  students majoring in statistics who have a solid
		  mathematics background. It can also be used in a way that
		  stresses the more practical uses of statistical theory,
		  being more concerned with understanding basic statistical
		  concepts and deriving reasonable statistical procedures for
		  a variety of situations, and less concerned with formal
		  optimality investigations.}},
  added-at = {2009-10-28T04:42:52.000+0100},
  author = {Casella, George and Berger, Roger},
  biburl = {https://www.bibsonomy.org/bibtex/21597678f36e23439610affbf46adec1c/jwbowers},
  citeulike-article-id = {105644},
  date-added = {2007-09-03 22:45:16 -0500},
  date-modified = {2007-09-03 22:45:16 -0500},
  howpublished = {{Textbook Binding}},
  interhash = {2dd8caad6c0b6fb80e6334986a231a05},
  intrahash = {1597678f36e23439610affbf46adec1c},
  isbn = {0534243126},
  keywords = {methodology probability statistics},
  month = {June},
  pages = {326-329},
  opturl = {http://www.amazon.fr/exec/obidos/ASIN/0534243126/citeulike04-21},
  publisher = {{Duxbury Resource Center}},
  timestamp = {2009-10-28T04:42:57.000+0100},
  title = {Statistical Inference},
  year = 2001
}
@inbook{lima1981curso,
  title={Curso de An{\'a}lise Vol. 1, 15ª ed.},
  author={Lima, E.L.},
  url={https://impa.br/page-livros/curso-de-analise-vol-1/},
  year={2019},
  pages={184-185,190-197},
  publisher={Instituto de Matem{\'a}tica Pura e Aplicada, CNPq}
}

@misc{wiki_exp,
   author = "Wikipedia",
   title = "Expectation–maximization algorithm",
   year = "2020",
   howpublished = {\texttt{http://en.wikipedia.org/wiki/Expectation\%E2\%80\%93maximization\%20algorithm}},
   note = "[Online; Acesso 13 de Setembro 2020]"
 }
 
 @article{singh2005algorithm,
  title={The EM Algorithm},
  author={Singh, Ajit},
  journal={Recuperado de: http://www. cs. cmu. edu/\~{} awm/15781/assignments/EM. pdf},
  year={2005}
}
@misc{bin,
title="Binomial Mixture Model with Expectation Maximum (EM) Algorithm",
author = "Jing Luan",
year = "2016",
howpublished = "\texttt{https://medium.com/@jingluan.xw/binomial-mixture-model-with-expectation-maximum-em-algorithm-feeaf0598b60}",
note = "[Online; Acesso 13 de Setembro 2020]"
}