@inbook{scharf1991statistical,
  title={Statistical Signal Processing: Detection, Estimation, and Time Series Analysis},
  author={Scharf, L.L. and Demeure, C.},
  isbn={9780201190380},
  lccn={90042747},
  series={Addison-Wesley series in electrical and computer engineering},
  url={https://books.google.com.br/books?id=y\_dSAAAAMAAJ},
  year={1991},
  pages={124-126},
  publisher={Addison-Wesley Publishing Company}
}

@inbook{degroot2012probability_fact,
	title={Probability and Statistics, 4th ed.},
	author={DeGroot, M.H. and Schervish, M.J.},
	isbn={9780321500465},
	pages={444-446},
	lccn={2010001486},
	url={https://books.google.com.br/books?id=4TlEPgAACAAJ},
	year={2012},
	publisher={Addison-Wesley}
}
@inbook{degroot2012probability_random,
	title={Probability and Statistics, 4th ed.},
	author={DeGroot, M.H. and Schervish, M.J.},
	isbn={9780321500465},
	pages={556-557},
	lccn={2010001486},
	url={https://books.google.com.br/books?id=4TlEPgAACAAJ},
	year={2012},
	publisher={Addison-Wesley}
}
@inbook{CaseBerg:01,
	author = {Casella, George and Berger, Roger},
	title = {Statistical Inference},
	citeulike-article-id = {105644},
	isbn = {0534243126},
	keywords = {methodology probability statistics},
	month = {June},
	year = 2001,
	pages = {388-389},
	publisher = {{Duxbury Resource Center}},
}

@inbook{CaseBerg:karlin,
	author = {Casella, George and Berger, Roger},
	title = {Statistical Inference, Theorem 8.3.7},
	citeulike-article-id = {105644},
	isbn = {0534243126},
	keywords = {methodology probability statistics},
	month = {June},
	year = 2001,
	pages = {391-392},
	publisher = {{Duxbury Resource Center}},
}

